<?xml version="1.0" encoding="UTF-8"?><collection xmlns="http://www.loc.gov/MARC21/slim"><record><leader>00621nam--2200193-u-4500</leader><controlfield tag="001">000052410</controlfield><controlfield tag="002">20161230</controlfield><controlfield tag="005">20161230201050</controlfield><controlfield tag="008">100707s1000------------r-----000-0-rus-d</controlfield><datafield ind1=" " ind2=" " tag="040"><subfield code="a">IFIN-HH</subfield></datafield><datafield ind1=" " ind2=" " tag="041"><subfield code="a">rus</subfield></datafield><datafield ind1=" " ind2=" " tag="080"><subfield code="a">531.01</subfield></datafield><datafield ind1="1" ind2=" " tag="100"><subfield code="a">Smutzer, E</subfield></datafield><datafield ind1="1" ind2="0" tag="245"><subfield code="a">Osnovnie printipi klassiceskoi mehaniki i klassiceskoi teorii polia (kanoniceskii apparat)</subfield><subfield code="c">E. Smutzer</subfield></datafield><datafield ind1=" " ind2=" " tag="260"><subfield code="a">Moskva</subfield><subfield code="b">Mir</subfield><subfield code="c">1976</subfield></datafield><datafield ind1=" " ind2=" " tag="300"><subfield code="a">157 p</subfield></datafield><datafield ind1=" " ind2=" " tag="500"><subfield code="a">Tit. orig. in lb. germana: Grundptinzipien der klassischen Mechanik und der klassischen Feldtheorie (kaninischer Apparat)</subfield></datafield><datafield ind1=" " ind2=" " tag="852"><subfield code="a">75884</subfield><subfield code="c">531</subfield></datafield><datafield ind1=" " ind2=" " tag="CAT"><subfield code="a">Sys</subfield><subfield code="c">20100707</subfield><subfield code="h">141016</subfield></datafield></record></collection>